<?xml version="1.0" encoding="UTF-8"?><collection xmlns="http://www.loc.gov/MARC21/slim"><record><leader>00543nam--2200193-i-4500</leader><controlfield tag="001">000020321</controlfield><controlfield tag="002">20161230</controlfield><controlfield tag="005">20161230201033</controlfield><controlfield tag="008">060222s1000------------r-----000-0-rum-d</controlfield><datafield ind1=" " ind2=" " tag="040"><subfield code="a">IFIN-HH</subfield></datafield><datafield ind1=" " ind2=" " tag="041"><subfield code="a">rum</subfield></datafield><datafield ind1=" " ind2=" " tag="080"><subfield code="a">519.216</subfield></datafield><datafield ind1="1" ind2=" " tag="100"><subfield code="a">Iosifescu, Marius</subfield></datafield><datafield ind1="1" ind2="0" tag="245"><subfield code="a">Elemente de modelare stohastica</subfield><subfield code="c">Marius iosifescu, serban grigorescu, gheorghe orisan, gheorghe popescu</subfield></datafield><datafield ind1=" " ind2=" " tag="260"><subfield code="a">Bucuresti, Editura Tehnica, 1984</subfield></datafield><datafield ind1=" " ind2=" " tag="300"><subfield code="a">372 P</subfield></datafield><datafield ind1="1" ind2=" " tag="700"><subfield code="a">Popescu, Gheorghe</subfield></datafield><datafield ind1=" " ind2=" " tag="852"><subfield code="a">72270</subfield><subfield code="c">519.2</subfield></datafield><datafield ind1=" " ind2=" " tag="CAT"><subfield code="a">Sys</subfield><subfield code="c">20130808</subfield><subfield code="h">121610</subfield></datafield></record></collection>